<?xml version="1.0" encoding="UTF-8"?><record xmlns="http://www.loc.gov/MARC21/slim" xmlns:cinclude="http://apache.org/cocoon/include/1.0" xmlns:zs="http://www.loc.gov/zing/srw/">
  <leader>00687cz  a2200181n  4500</leader>
  <controlfield tag="001">no 96039969 </controlfield>
  <controlfield tag="003">DLC</controlfield>
  <controlfield tag="005">20130313100845.0</controlfield>
  <controlfield tag="008">960808n| azannaab           |a aaa     c</controlfield>
  <datafield tag="010" ind1=" " ind2=" ">
    <subfield code="a">no 96039969 </subfield>
  </datafield>
  <datafield tag="035" ind1=" " ind2=" ">
    <subfield code="a">(OCoLC)oca04136934</subfield>
  </datafield>
  <datafield tag="040" ind1=" " ind2=" ">
    <subfield code="a">InU-Mu</subfield>
    <subfield code="b">eng</subfield>
    <subfield code="e">rda</subfield>
    <subfield code="c">InU-Mu</subfield>
    <subfield code="d">DLC</subfield>
  </datafield>
  <datafield tag="046" ind1=" " ind2=" ">
    <subfield code="f">1871</subfield>
  </datafield>
  <datafield tag="100" ind1="1" ind2=" ">
    <subfield code="a">Lehnert, Julius,</subfield>
    <subfield code="d">1871-</subfield>
  </datafield>
  <datafield tag="400" ind1="1" ind2=" ">
    <subfield code="w">nnea</subfield>
    <subfield code="a">Lehnert, Julius,</subfield>
    <subfield code="d">b. 1871</subfield>
  </datafield>
  <datafield tag="670" ind1=" " ind2=" ">
    <subfield code="a">Schubert, F. Die Jahreszeiten der Liebe, c1912:</subfield>
    <subfield code="b">t.p. (Musik arrangiert von Julius Lehnert)</subfield>
  </datafield>
  <datafield tag="670" ind1=" " ind2=" ">
    <subfield code="a">Altmann, W. Kurzgefasstes TonkuĚnstler-Lexikon, 15. Aufl.:</subfield>
    <subfield code="b">1. T. (Lehnert, Jul.; b. Jan. 25, 1871, Nikolsburg)</subfield>
  </datafield>
  <datafield tag="675" ind1=" " ind2=" ">
    <subfield code="a">Altmann, W. Kurzgefasstes TonkuĚnstler-Lexikon, 15. Aufl., 2. T.</subfield>
  </datafield>
</record>